@misc{przybysz2016,
    author = {Piotr Markiewicz and Piotr Przybysz},
    title = {{Neuroestetyczne aspekty komunikacji wizualnej i wyobraźni}},
    howpublished = {\url{http://www.neurohistoriasztuki.umk.pl/wp-content/uploads/2016/01/4NeuroestAspekKomWizual.pdf}},
    note = {Dostęp: 30.03.2018} ,
    year= {2016}
}

@incollection{Przybysz2006,
  author       = {Piotr Przybysz}, 
  title        = {O Uchwytywaniu Piękna. Rola Deformacji Estetycznych w Tworzeniu i Percepcji Dzieła Sztuki w Ujęciu Neuroestetyki},
  booktitle    = {Mózg i jego umysły (Studia z Kognitywistyki i Filozofii Umysłu)},
  publisher    = {Zysk i S-ka},
  year         = 2006,
  editor       = {Wioletta Dziarnowska},
  volume       = 2,
  chapter      = 3,
  pages        = {365-385},
  address      = {Poznań},
  edition      = {I},
}



@misc{Bremer,
    author = {Bremer, Józef},
    title = {{Neuroestetyka: czy przyszłość estetyki leży w neuronauce?}},
    howpublished = {\url{https://depot.ceon.pl/bitstream/handle/123456789/6258/Bremer_Józef.pdf?sequence=1}},
    note = {Dostęp: 21.04.2018} ,
    year=2013
}
@book{Znak,
    author  = {Kwiatek, Lukasz and Hohol, Mateusz},
    title   = {Zrozumieć piękno},
    year    = {2016},
    publisher = {Znak},
    address = {Warszawa}
    
}
@misc{Artysta,
    author = "Kwiatek, Lukasz",
    title = "Semir Zeki: artysta neuronowy",
    howpublished = {\url{https://www.granicenauki.pl/semir-zeki-artysta-neuronowy-33213}},
    note = "Dostęp: 23.04.2018",
    year=2016
    }
@Book{Zeki,
  author = 	 "Semir Zeki",
  title = 	 "Blaski i cienie pracy mózgu O miłości, sztuce i pogoni za szczęściem",
  publisher = "Wydawnictwa Uniwersytetu Warszawskiego",
  address = "Warszawa",
  year = 	 "2009"
  }
  @Book{Jaskowski,
  author = 	 {Piotr Jaśkowski},
  title = 	 {Neuronauka Poznawcza Jak mózg tworzy umysł?},
  publisher = 	 {Vizja Press \& IT},
  address = {Warszawa},
  year = 	 {2009}
  }
  
  @incollection{Wieloznacznosc,
	author	= "Semir Zeki",
	title	= "Neurologia wieloznaczności",
	booktitle= "Formy aktywności umysłu: ujęcia kognitywistyczne. Ewolucja i złożone struktury poznawcze.",
	publisher= "Wydawnictwo Naukowe PWN",
	volume	= "2",
	series	= "Nowe Tendencje w Psychologii",
	pages	= "422-453",
	year	= "2009",
}

@article{Wu2012,
title = "The neural basis of impossible figures: Evidence from an fMRI study of the two-pronged trident",
journal = "Neuroscience Letters",
volume = "508",
number = "1",
pages = "17 - 21",
year = "2012",
issn = "0304-3940",
doi = "https://doi.org/10.1016/j.neulet.2011.11.064",
url = "http://www.sciencedirect.com/science/article/pii/S0304394011015862",
author = "Xin Wu and Wei Li and Meng Zhang and Jiang Qiu",
keywords = "Impossible figure, Lateral occipital complex, Dorsal visual pathway, Ventral visual pathway"
}

@article{Rama,
  author  = {V. Ramachandran and W. Hirstein}, 
  title   = {Nauka wobec zagadnienia sztuki.Neurologiczna teoria doświadczenia estetycznego},
  journal = {Studia z kognitywistyki i filozofii umysłu},
  year    = {2006},
  number  = {1},
  pages   = {327-363},
  volume  = {2},
  publisher = {Zysk i S-ka}
}

@article{neurobiolog,
  author  = {Przybysz, Piotr and Markiewicz, Piotr}, 
  title   = {Artysta jako nieświadomy neurobiolog},
  journal = {Wiedza i Życie},
  year    = {2006},
  pages   = {18-21}
  }
@Book{livingstone2002,
  author = 	 {Margaret Livingstone},
  title = 	 {Vision and Art: The Biology of Seeing},
  publisher = {Abrams},
  address = {New York},
  year = 	 {2002}
  }
@Book{tinbergen,
 author = {Tinbergen, Niko},
 title = {The herring gull's world; a study of the social behaviour of birds},
 publisher = {Collins},
 year = {1953},
 address = {London},
 isbn = {9780002194440}

}

@ARTICLE {Suchodolski2016,
    author  = "Suchodolski, Przemysław",
    title   = "Koncepcja odbiorcy sztuki w estetyce Romana Ingardena",
    journal = "ΣΟΦΙΑ. Pismo Filozofów Krajów Słowiańskich",
    year    = "2016",
    number  = "16",
    pages   = "177-191"
}
@Book{Ingarden1958,
author = {Roman Ingarden},
title = {Studia z estetyki},
volume = {2},
year = {1958},
publisher = {Państwowe Wydawnictwo Naukowe},
address = {Warszawa}

}

@Book{Tatarkiewicz2005,
author = {Tatarkiewicz, Władysław},
title = {Historia filozofii. T. 3, Filozofia XIX wieku i współczesna},
volume = {3},
year = {2005},
publisher = {Państwowe Wydawnictwo Naukowe},
address = {Warszawa}

}

@article{Judycki1993,
	title = {Co to Jest Fenomenologia},
	journal = {Przeglad Filozoficzny - Nowa Seria},
	year = {1993},
	author = {Stanis\law Judycki},
	volume = {5},
	pages = {25--38},
	number = {1}
}

@Book{Husserl1975,
author = {Husserl, Edmund},
title = {Idee czystej fenomenologii i fenomenologicznej filozofii},
volume = {1},
year = {1975},
publisher = {Państwowe Wydawnictwo Naukowe},
address = {Warszawa}

}

@InCollection{sep-aesthetic-concept,
	author       =	{Shelley, James},
	title        =	{The Concept of the Aesthetic},
	booktitle    =	{The Stanford Encyclopedia of Philosophy},
	editor       =	{Edward N. Zalta},
	howpublished =	{\url{https://plato.stanford.edu/archives/win2017/entries/aesthetic-concept/}},
	year         =	{2017},
	edition      =	{Winter 2017},
	publisher    =	{Metaphysics Research Lab, Stanford University}
	
	}



@InCollection{sep-phenomenology,
	author       =	{Smith, David Woodruff},
	title        =	{Phenomenology},
	booktitle    =	{The Stanford Encyclopedia of Philosophy},
	editor       =	{Edward N. Zalta},
	howpublished =	{\url{https://plato.stanford.edu/archives/sum2018/entries/phenomenology/}},
	year         =	{2018},
	edition      =	{Summer 2018},
	publisher    =	{Metaphysics Research Lab, Stanford University}
}

@misc{Duch2018,
    author = {Duch, Włodzisław},
    title = {{The joy of visual perception}},
    howpublished = {\url{http://www.is.umk.pl/~duch/Wyklady/Kog1/B06-3-wzrok.htm}},
    note = {Dostęp: 14.05.2019} ,
    year = {2018}
}

@misc{NeuroestetykaDucha,
    author = {Duch, Włodzisław},
    title = {{Neuroestetyka}},
    howpublished = {\url{http://fizyka.umk.pl/publications/kmk/07-Neuroestetyka.pdf}},
    note = {Dostęp: 17.05.2019} ,
    year = {2018}
}

@article{Franzini2015,
	author = {Elio Franzini},
	title = {Phenomenology and Neuroaesthetics},
	journal = {Aisthesis. Pratiche, linguaggi e saperi dell’estetico},
	volume = {8},
	number = {1},
	year = {2015},
	keywords = {Aesthetic Mind; Phenomenology; Neuroaesthetics; Leib; Husserl},
	issn = {2035-8466},	
	
	url = {http://www.fupress.net/index.php/aisthesis/article/view/16212}
	}
	
	@article{Holt2013,
author = {Holt, Jason},
year = {2013},
month = {07},
pages = {},
title = {Neuroaesthetics and Philosophy},
volume = {3},
journal = {SAGE Open},
doi = {10.1177/2158244013500677}
}

@Book{Hochberg1970,
  author = 	 {Hochberg, Julian, E.},
  title = 	 {Percepcja},
  publisher = 	 {Państwowe Wydawnictwo Naukowe},
  address = {Warszawa},
  year = 	 {1970}
}

@incollection{Florek2006,
  author       = {Florek, Monika, Bianka}, 
  title        = {Percepcja vs interpretacja. Ich rola w odbiorze dzieła sztuki},
  booktitle    = {Mózg i jego umysły (Studia z Kognitywistyki i Filozofii Umysłu)},
  publisher    = {Zysk i S-ka},
  year         = 2006,
  editor       = {Wioletta Dziarnowska},
  volume       = 2,
  chapter      = 3,
  pages        = {387-413},
  address      = {Poznań},
  edition      = {I},
}

@Book{Gregory,
  author = 	 {Richard Langton Gregory},
  title = 	 {Oko i Mózg},
  publisher = 	 {Państwowe Wydawnictwo Naukowe},
  address = {Warszawa},
  year = 	 {1971}
}


@Book{Deregowski,
  author = 	 {Jan Bronisław Deręgowski},
  title = 	 {Oko i Obraz Studium psychologiczne},
  publisher = 	 {Państwowe Wydawnictwo Naukowe},
  address = {Warszawa},
  year = 	 {1990}
  }
  
  @article{ACNR,
  author  = {Michael Bach and Charlotte M Poloschek}, 
  title   = {Optical illusions},
  journal = {Advances in Clinical Neuroscience and Rehabilitation},
  year    = 2006,
  number  = 2,
 volume = 2
  }
  
  @Book{Mlodkowski,
  author = 	 {Jan Młodkowski},
  title = 	 {Aktywność wizualna człowieka},
  publisher = 	 {Wydawnictwo Naukowe PWN},
  address = {Warszawa},
  year = 	 {1998}
  }

@misc{neurostetyka,
    author = { Piotr Markiewicz and Piotr Przybysz},
    title = {{Neuroestetyka Przegląd zagadnień i kierunków badań}},
    howpublished = {\url{http://www.academia.edu/2008741/Neuroestetyka._Przegląd_zagadnień_i_kierunków_badań_współautor_Piotr_Markiewicz_}},
    note = {Dostęp: 27.05.2018} ,
    year = {2010}
}

@Book{Francuz,
  author = 	 {Francuz, Piotr},
  title = 	 {IMAGIA W kierunku neurokognitywnej teorii obrazu},
  publisher = 	 {Państwowe Wydawnictwo Naukowe},
  address = {Lublin},
  year = 	 {2013}
  }
  
  @misc{przybylski,
  author = {Przybylski, L.},
  title = {Percepcja wzrokowa Wykład 4},
  year = {2018},
  publisher={UAM}
}

@article{Serpell,
author = {Serpell, Robert and Deregowski, Jan B.},
title = {THE SKILL OF PICTORIAL PERCEPTION: AN INTERPRETATION OF CROSS-CULTURAL EVIDENCE*},
journal = {International Journal of Psychology},
volume = {15},
number = {1-4},
pages = {145-180},
doi = {10.1080/00207598008246989},
url = {https://onlinelibrary.wiley.com/doi/abs/10.1080/00207598008246989},
year = {1980}
}

@article{Hudson,
author = {W. Hudson},
title = {Pictorial Depth Perception in Sub-Cultural Groups in Africa},
journal = {The Journal of Social Psychology},
volume = {52},
number = {2},
pages = {183-208},
year  = {1960},
publisher = {Routledge},
doi = {10.1080/00224545.1960.9922077},

URL = {https://doi.org/10.1080/00224545.1960.9922077},
eprint = {https://doi.org/10.1080/00224545.1960.9922077}

}
@misc{Wyklad5,
  author = {Piotr Przybysz},
  title = {Neuroestetyka: Wykład monograficzny. Iluzje wzrokowe. Wprowadzenie},
  year = {2010/2011},
  publisher={UAM}
  }

@misc{Macperson,
    author = {Thomson, G. and Macpherson, F.},
    title = {"The Hermann Grid" in F. Macpherson (ed.), The Illusions Index},
    howpublished = {\url{https://www.illusionsindex.org/i/hermann-grid}},
    note = {Dostęp: 04.12.2018},
    year = {2018},
    }
    
    @misc{EscherMath2006,
    author = {Anneke, B. and Clair, B.},
  title = {Math and the Art of M. C. Escher},
  howpublished = {\url{https://mathstat.slu.edu/escher/index.php}},
  note = {Accessed: 2019-06-14},
  year = {2006},
}
    
 @Book{Mathews,
 author = {Mathews, Gary G.},
 title = {Neurobiologia. Od cząsteczek i komórek do układów},
 publisher = {Wydawnictwo lekarskie PZWL},
 year = {2000},
 address = {Warszawa},
 }
 
@Book{Kalat,
 author = {Kalat, James W.},
 title = {Biologiczne podstawy psychologii},
 publisher = {Wydawnictwo Naukowe PWN},
 year = {2006},
 address = {Warszawa},
 }
 
 @Article{Gillam1973,
author="Gillam, Barbara",
title="The nature of size scaling in the Ponzo and related illusions",
journal="Perception {\&} Psychophysics",
year="1973",
month="Jun",
day="01",
volume="14",
number="2",
pages="353--357",
doi="10.3758/BF03212404",
url="https://doi.org/10.3758/BF03212404"
}

@book{slownik,
  title       = "Słownik terminologiczny Sztuk Pięknych",
  author      = "Kubalska-Sulkiewicz, Krystyna and Bielska-Lach, Monika and Manteuffel-Szarota, Anna",
  publisher   = "Wydawnictwo Naukowe PWN",
  address     = "Warszawa",
  year        = 2003,
  pages       = "382-383"
}

@book{Bruno,
  author  = {Ernst Bruno}, 
  title   = {The Eye Beguiled: Optical Illusions},
  publisher = {Benedikt Taschen},
  year    = {1992},
  address = {Cologne}
  }
  
@article {Livingstone1988,
	author = {Livingstone, M and Hubel, D},
	title = {Segregation of form, color, movement, and depth: anatomy, physiology, and perception},
	volume = {240},
	number = {4853},
	pages = {740--749},
	year = {1988},
	doi = {10.1126/science.3283936},
	publisher = {American Association for the Advancement of Science},
	issn = {0036-8075},
	URL = {http://science.sciencemag.org/content/240/4853/740},
	eprint = {http://science.sciencemag.org/content/240/4853/740.full.pdf},
	journal = {Science}
}
@article{Penrose1958,
author = {Penrose, L. S. and Penrose, R.},
title = {IMPOSSIBLE OBJECTS: A SPECIAL TYPE OF VISUAL ILLUSION},
journal = {British Journal of Psychology},
volume = {49},
number = {1},
pages = {31-33},
doi = {10.1111/j.2044-8295.1958.tb00634.x},
url = {https://onlinelibrary.wiley.com/doi/abs/10.1111/j.2044-8295.1958.tb00634.x},
eprint = {https://onlinelibrary.wiley.com/doi/pdf/10.1111/j.2044-8295.1958.tb00634.x},
year = {1958}
}

@book{Schuler,
Author = {Schuler, Romana Karla},
ISBN = {9783110426960},
Publisher = {De Gruyter},
Series = {Edition Angewandte},
Title = {Seeing Motion : A History of Visual Perception in Art and Science.},
URL = {http://han.amu.edu.pl/han/academicsearchcomplete/search-1ebscohost-1com-1002dcdtb7396.han.amu.edu.pl/login.aspx?direct=true&db=nlebk&AN=1157838&lang=pl&site=eds-live},
Year = {2015},
}
    
@book{Dabrowski,
  author  = {Magdalena Dabrowski}, 
  title   = {Contrast of Form Geometric Abstract Art 1910 - 1980},
  publisher = {The Museum of Modern Art},
  year    = {1985},
  address = {New York}
  }
  
@incollection{Reichard,
  author       = {Jasia Reichard}, 
  title        = {OP-ART},
  booktitle    = {Kierunki i Tendencje Sztuki Nowoczesnej},
  publisher    = {Wydawnictwa Artystyczne i Filmowe},
  year         = 1980,
  editor       = {Tony Richardson and Stagnos Nikos},
  chapter      = 15,
  pages        = {353-361},
  address      = {Warszawa}
}

@article{Doris,
author = {Schattschneider, Doris},
year = {2010},
month = {06},
pages = {},
title = {The mathematical side of M.C. Escher},
volume = {57},
journal = {Notices of the American Mathematical Society}
}

@book{Locher,
  author  = {Locher, J.L.}, 
  title   = {Magia M.C Eschera},
  publisher = {Taschen},
  year    = {2009},
  address = {Cologne}
  }
  
  @book{Goldstein,
  author  = {Goldstein, E. B.}, 
  title   = {Encyclopedia of Perception},
  publisher = {SAGE Publications, Inc.},
  year    = {2010},
  address = {London}
  }
  
  @article{Belvedere,
    author = {Donaldson, J. and Macpherson, F.},
    title = {"Belevedere" in F. Macpherson (ed.), The Illusions Index.},
    url = {https://www.illusionsindex.org/i/belevedere},
    journal = {The Illusions Index},
    note = {Dostęp: 18.12.2018},
    year = {2017}
    }
    
@article{VETTER2010,
title = "Varieties of cognitive penetration in visual perception",
journal = "Consciousness and Cognition",
volume = "27",
pages = "62 - 75",
year = "2014",
issn = "1053-8100",
doi = "https://doi.org/10.1016/j.concog.2014.04.007",
url = "http://www.sciencedirect.com/science/article/pii/S1053810014000634",
author = "Petra Vetter and Albert Newen",
}

  @article{Waterfall,
    author = {Phillips, David},
    title = {Escher’s “Waterfall” Explained},
    url = {https://www.opticalillusion.net/optical-illusions/eschers-waterfall-explained/},
    journal = {Optical Illusions.},
    note = {Dostęp: 19.12.2018},
    year = {2008}
    }





 


  

 

 
 
 
  









  

  
   





 
  
  





